<record><leader>00000cas a2200000 a 4500</leader><controlfield tag="001">33228184</controlfield><controlfield tag="008">951002c19uu9999fludr ne      0   a0eng c</controlfield><datafield ind1=" " ind2=" " tag="010"><subfield code="a">sn 95005702 </subfield></datafield><datafield ind1=" " ind2=" " tag="040"><subfield code="a">FYO</subfield><subfield code="b">eng</subfield><subfield code="c">FYO</subfield><subfield code="d">NSD</subfield><subfield code="d">FUG</subfield><subfield code="d">OCLCQ</subfield><subfield code="d">OCLCF</subfield><subfield code="d">OCLCO</subfield></datafield><datafield ind1=" " ind2=" " tag="012"><subfield code="m">1</subfield></datafield><datafield ind1="1" ind2=" " tag="022"><subfield code="a">1085-9101</subfield><subfield code="l">1085-9101</subfield><subfield code="2">1</subfield></datafield><datafield ind1="1" ind2=" " tag="029"><subfield code="a">AU@</subfield><subfield code="b">000025895826</subfield></datafield><datafield ind1=" " ind2=" " tag="032"><subfield code="a">687160</subfield><subfield code="b">USPS</subfield></datafield><datafield ind1=" " ind2=" " tag="042"><subfield code="a">nsdp</subfield><subfield code="a">pcc</subfield></datafield><datafield ind1=" " ind2=" " tag="043"><subfield code="a">n-us-fl</subfield></datafield><datafield ind1="0" ind2=" " tag="130"><subfield code="a">News chief (Winter Haven, Fla. : 1995)</subfield></datafield><datafield ind1=" " ind2="0" tag="222"><subfield code="a">News chief</subfield></datafield><datafield ind1="1" ind2="0" tag="245"><subfield code="a">News chief.</subfield></datafield><datafield ind1=" " ind2=" " tag="260"><subfield code="a">Winter Haven, Fla. :</subfield><subfield code="b">News Chief Pub. Group</subfield></datafield><datafield ind1=" " ind2=" " tag="300"><subfield code="a">v. :</subfield><subfield code="b">ill. (some col.) ;</subfield><subfield code="c">58 cm.</subfield></datafield><datafield ind1=" " ind2=" " tag="310"><subfield code="a">Daily</subfield></datafield><datafield ind1=" " ind2=" " tag="588"><subfield code="a">Description based on: Vol. 84, issue 365 (Sept. 25, 1995).</subfield></datafield><datafield ind1=" " ind2="0" tag="651"><subfield code="a">Winter Haven (Fla.)</subfield><subfield code="v">Newspapers.</subfield></datafield><datafield ind1=" " ind2="0" tag="651"><subfield code="a">Polk County (Fla.)</subfield><subfield code="v">Newspapers.</subfield></datafield><datafield ind1=" " ind2="7" tag="655"><subfield code="a">Newspapers.</subfield><subfield code="2">fast</subfield><subfield code="0">(OCoLC)fst01423814</subfield></datafield><datafield ind1=" " ind2="7" tag="651"><subfield code="a">Florida</subfield><subfield code="z">Polk County.</subfield><subfield code="2">fast</subfield><subfield code="0">(OCoLC)fst01214944</subfield></datafield><datafield ind1=" " ind2="7" tag="651"><subfield code="a">Florida</subfield><subfield code="z">Winter Haven.</subfield><subfield code="2">fast</subfield><subfield code="0">(OCoLC)fst01215617</subfield></datafield><datafield ind1=" " ind2=" " tag="752"><subfield code="a">United States</subfield><subfield code="b">Florida</subfield><subfield code="c">Polk</subfield><subfield code="d">Winter Haven.</subfield></datafield><datafield ind1="0" ind2="0" tag="780"><subfield code="t">Winter Haven news chief</subfield><subfield code="w">(DLC)sn 96027370</subfield><subfield code="w">(OCoLC)34469646</subfield></datafield></record>